@article{2014-latency,
 title = {The Effects of Interactive Latency on Exploratory Visual Analysis},
 author = {Zhicheng Liu AND Jeffrey Heer},
 journal = {IEEE Trans. Visualization \& Comp. Graphics (Proc. InfoVis)},
 year = {2014},
 url = {http://idl.cs.washington.edu/papers/latency},
}t
